@article{Bauer2021,
	author = {Julian Karl Bauer and Thomas B{\"o}hlke},
	title ={Variety of fiber orientation tensors},
	journal = {Mathematics and Mechanics of Solids},
	volume = {0},
	number = {0},
	pages = {10812865211057602},
	year = {0},
	doi = {10.1177/10812865211057602},
}

