%comment{This file was created with betterbib v4.2.0.}


@article{Bauer2021,
 author = {Bauer, Julian Karl and B\"ohlke, Thomas},
 title = {Variety of fiber orientation tensors},
 journal = {Math. Mech. Solids},
 volume = {0},
 number = {0},
 pages = {108128652110576},
 year = {2021},
 doi = {10.1177/10812865211057602},
 source = {Crossref},
 url = {https://doi.org/10.1177/10812865211057602},
 publisher = {SAGE Publications},
 issn = {1081-2865, 1741-3028},
 month = dec,
}

@article{Kanatani1984,
 author = {Ken-Ichi, Kanatani},
 title = {Distribution of directional data and fabric tensors},
 journal = {Int. J. Eng. Sci.},
 year = {1984},
 doi = {10.1016/0020-7225(84)90090-9},
 number = {2},
 source = {Crossref},
 url = {https://doi.org/10.1016/0020-7225(84)90090-9},
 volume = {22},
 publisher = {Elsevier BV},
 issn = {0020-7225},
 pages = {149--164},
 month = jan,
}

@book{Bertram2015,
 author = {Bertram, Albrecht and Gl\"uge, Rainer},
 title = {Solid Mechanics},
 year = {2015},
 publisher = {Springer International Publishing},
 doi = {10.1007/978-3-319-19566-7},
 source = {Crossref},
 url = {https://doi.org/10.1007/978-3-319-19566-7},
 isbn = {9783319195650, 9783319195667},
}

@article{Mandel1965,
 author = {Mandel, Jean},
 title = {G{\'e}n{\'e}ralisation de la th{\'e}orie de plasticit{\'e} de {WT} Koiter},
 journal = {Int. J. Solids Struct.},
 volume = {1},
 number = {3},
 pages = {273--295},
 year = {1965},
 publisher = {Elsevier},
}

@book{Fedorov1968,
 author = {Fedorov, Fedor I.},
 title = {Theory of Elastic Waves in Crystals},
 year = {1968},
 doi = {10.1007/978-1-4757-1275-9},
 source = {Crossref},
 url = {https://doi.org/10.1007/978-1-4757-1275-9},
 publisher = {Springer US},
 isbn = {9781475712773, 9781475712759},
}

@article{Mehrabadi1990,
 author = {Mehrabadi, Morteza M. and Cowin, Stephen C.},
 title = {Eigentensors Of Linear Anisotropic Elastic Materials},
 year = {1990},
 doi = {10.1093/qjmam/43.1.15},
 number = {1},
 source = {Crossref},
 url = {https://doi.org/10.1093/qjmam/43.1.15},
 volume = {43},
 journal = {Quart. J. Mech. Appl. Math.},
 publisher = {Oxford University Press (OUP)},
 issn = {0033-5614, 1464-3855},
 pages = {15--41},
}

@article{Cowin1992,
 author = {Cowin, S.C. and Mehrabadi, M.M.},
 title = {The structure of the linear anisotropic elastic symmetries},
 year = {1992},
 doi = {10.1016/0022-5096(92)90029-2},
 number = {7},
 source = {Crossref},
 url = {https://doi.org/10.1016/0022-5096(92)90029-2},
 volume = {40},
 journal = {J. Mech. Phys. Solids},
 publisher = {Elsevier BV},
 issn = {0022-5096},
 pages = {1459--1471},
 month = oct,
}

@article{Thomson1856,
	title={Elements of a mathematical theory of elasticity},
	author={Thomson, William},
	journal={Philosophical Transactions of the Royal Society of London},
	number={146},
	pages={481--498},
	year={1856},
	publisher={The Royal Society London}
}

@book{Brannon2018,
 author = {Brannon, RM},
 title = {Rotation Reflection and Frame Changes Orthogonal tensors in computational engineering mechanics},
 year = {2018},
 doi = {10.1088/978-0-7503-1454-1},
 source = {Crossref},
 url = {https://doi.org/10.1088/978-0-7503-1454-1},
 publisher = {IOP Publishing},
 isbn = {9780750314541},
}

@article{Boehlke2001,
 author = {B{\"o}hlke, Thomas and Br{\"u}ggemann, C},
 title = {Graphical representation of the generalized {H}ooke’s law},
 year = {2001},
 journal = {Technische Mechanik},
 volume = {21},
 number = {2},
 pages = {145--158},
}

@article{Rychlewski2000,
title        = {A qualitative approach to {H}ooke's tensors. Part {I}},
author       = {Rychlewski, J},
year         = 2000,
journal      = {Archives of Mechanics},
volume       = 52,
number       = {4-5},
pages        = {737--759}
}

@article{Spencer1970,
title        = {A note on the decomposition of tensors into traceless symmetric tensors},
author       = {Spencer, AJM},
year         = 1970,
journal      = {International Journal of Engineering Science},
publisher    = {Elsevier},
volume       = 8,
number       = 6,
pages        = {475--481}
}


@article{Advani1987,
	title        = {The use of tensors to describe and predict fiber orientation in short fiber composites},
	author       = {Advani, Suresh G and Tucker III, Charles L},
	year         = 1987,
	journal      = {Journal of Rheology},
	publisher    = {The Society of Rheology},
	volume       = 31,
	number       = 8,
	pages        = {751--784}
}

@software{fiberoripy,
author       = {Meyer, Nils},
title        = {fiberoripy},
month        = apr,
year         = 2021,
publisher = {GitHub},
journal = {GitHub repository},
version      = {v1.0.12},
doi          = {10.5281/zenodo.4679756},
url          = {https://github.com/nilsmeyerkit/fiberoripy}
}

@software{meshio,
author = {Schlömer, Nico},
title = {meshio: Tools for mesh files},
publisher = {GitHub},
journal = {GitHub repository},
url = {https://github.com/nschloe/meshio},
doi = {10.5281/zenodo.1173115},
license = {MIT},
year         = 2022,
}

@software{mechmean,
author = {Bauer, Julian Karl},
title = {mechmean},
publisher = {GitHub},
journal = {GitHub repository},
doi = {10.5281/zenodo.5938012},
url = {https://github.com/JulianKarlBauer/mechmean},
license = {MIT},
year         = 2022,
}

@software{pygalmesh,
author = {Schlömer, Nico},
doi = {10.5281/zenodo.5564818},
license = {GPL-3.0},
title = {{pygalmesh: Python interface for CGAL's meshing tools}},
url = {https://github.com/nschloe/pygalmesh}
}

@software{quadpy,
author = {Schlömer, Nico},
title = {quadpy: Your one-stop shop for numerical integration in Python},
publisher = {GitHub},
journal = {GitHub repository},
url = {https://github.com/nschloe/quadpy},
license = {GPL-3.0},
year         = 2022,
}

